<record><leader>00000cas a22000008a 4500</leader><controlfield tag="001">50637801</controlfield><controlfield tag="008">020920c20029999okuwr n       0    0eng c</controlfield><datafield ind1=" " ind2=" " tag="010"><subfield code="a">  2002213245</subfield></datafield><datafield ind1=" " ind2=" " tag="040"><subfield code="a">NSD</subfield><subfield code="b">eng</subfield><subfield code="c">NSD</subfield><subfield code="d">OCLCQ</subfield></datafield><datafield ind1=" " ind2=" " tag="012"><subfield code="l">1</subfield></datafield><datafield ind1="0" ind2=" " tag="022"><subfield code="a">1541-7301</subfield></datafield><datafield ind1=" " ind2=" " tag="037"><subfield code="b">David Arnett, 1704 N. Memorial, Tulsa, Oklahoma 74115</subfield><subfield code="c">$60.00</subfield></datafield><datafield ind1=" " ind2=" " tag="042"><subfield code="a">msc</subfield></datafield><datafield ind1="1" ind2="0" tag="050"><subfield code="a">ISSN RECORD</subfield></datafield><datafield ind1="0" ind2=" " tag="130"><subfield code="a">Tulsa today (Print)</subfield></datafield><datafield ind1="1" ind2="0" tag="245"><subfield code="a">Tulsa today.</subfield></datafield><datafield ind1="1" ind2="3" tag="246"><subfield code="a">This week</subfield></datafield><datafield ind1=" " ind2=" " tag="260"><subfield code="a">Tulsa, Okla. :</subfield><subfield code="b">D. Arnett</subfield></datafield><datafield ind1=" " ind2=" " tag="263"><subfield code="a">0209</subfield></datafield><datafield ind1=" " ind2=" " tag="300"><subfield code="a">volumes</subfield></datafield><datafield ind1=" " ind2=" " tag="310"><subfield code="a">Weekly</subfield></datafield><datafield ind1=" " ind2=" " tag="336"><subfield code="a">text</subfield><subfield code="b">txt</subfield><subfield code="2">rdacontent</subfield></datafield><datafield ind1=" " ind2=" " tag="337"><subfield code="a">unmediated</subfield><subfield code="b">n</subfield><subfield code="2">rdamedia</subfield></datafield><datafield ind1=" " ind2=" " tag="338"><subfield code="a">volume</subfield><subfield code="b">nc</subfield><subfield code="2">rdacarrier</subfield></datafield><datafield ind1=" " ind2=" " tag="530"><subfield code="a">Also issued online.</subfield></datafield><datafield ind1="1" ind2=" " tag="776"><subfield code="t">Tulsa today</subfield><subfield code="x">1541-8472</subfield><subfield code="w">(DLC)  2002213246</subfield><subfield code="w">(OCoLC)50637643</subfield></datafield><datafield ind1="4" ind2="1" tag="856"><subfield code="u">http://www.tulsatoday.com</subfield></datafield><datafield ind1=" " ind2=" " tag="936"><subfield code="a">PREPUB: publication expected: Sept. 2002</subfield></datafield><datafield ind1="1" ind2=" " tag="029"><subfield code="a">AU@</subfield><subfield code="b">000024105514</subfield></datafield></record>